@PREAMBLE{
 "\providecommand{\noopsort}[1]{}" 
 # "\providecommand{\singleletter}[1]{#1}%" 
}

@BOOK{Nielsen,
   author       = {Michael A. Nielsen},
   year         = 2015,
   title        = {Neural Networks and Deep Learning},
   publisher    = {Determination Press}
}

@inproceedings{Goldblatt2012HowAB,
  title={How a Bill Becomes a Law-Predicting Votes from Legislation Text},
  author={David Goldblatt},
  year={2012}
}

@misc{senate,
  title = {United States Senate, Votes},
  howpublished = {\url{https://www.senate.gov/ legislative/votes_new.htm}},
  note = {Accessed: 2022-09-12}
}

@misc{congress,
  title = {United States Congress},
  howpublished = {\url{https://www.congress.gov/}},
  note = {Accessed: 2022-09-12}
}

@misc{unigram,
  title = {English Word Frequency},
  howpublished = {\url{https://www.kaggle.com/datasets/rtatman/english-word-frequency}},
  note = {Accessed: 2022-09-17}
}

@misc{bigram,
  title = {BERT English uncased bigrams},
  howpublished = {\url{https://www.kaggle.com/datasets/toddcook/bert-english-uncased-bigrams}},
  note = {Accessed: 2022-09-17}
}

@misc{stop,
  title = {List of Stop Words},
  howpublished = {\url{https://dedolist.com/lists/language /stop-words-english/txt/}},
  note = {Accessed: 2022-09-17}
}